@book{ref1,
  title={Valuing a European option with the Heston model},
  author={Yuan Yang},
  url={http://scholarworks.rit.edu/cgi/viewcontent.cgi?article=5813&context=theses},
  year={2013},
}
@misc{ref2,
    title={Exchange Traded Fund},
    url={http://www.investopedia.com/terms/e/etf.asp}
}
@BOOK{ref3,
AUTHOR="Jose Da Fonseca and Yahua Xu",
TITLE="Options on Leveraged ETF: Calibrations and Error Analysis",
PUBLISHER="Society of Computational Economics",
YEAR="2015",
}
